<record><leader>00000cas a22000007a 4500</leader><controlfield tag="001">11794785</controlfield><controlfield tag="008">850312d18921912iauwr ne      0    0eng d</controlfield><datafield ind1=" " ind2=" " tag="010"><subfield code="a">sn 85050758 </subfield></datafield><datafield ind1=" " ind2=" " tag="040"><subfield code="a">INP</subfield><subfield code="b">eng</subfield><subfield code="c">INP</subfield><subfield code="d">OCLCQ</subfield></datafield><datafield ind1=" " ind2=" " tag="042"><subfield code="a">msc</subfield></datafield><datafield ind1="0" ind2="4" tag="245"><subfield code="a">The Ames times.</subfield></datafield><datafield ind1=" " ind2=" " tag="260"><subfield code="a">Ames, Iowa :</subfield><subfield code="b">L.G. Hardin,</subfield><subfield code="c">-1912.</subfield></datafield><datafield ind1=" " ind2=" " tag="300"><subfield code="a">v. :</subfield><subfield code="b">ill.</subfield></datafield><datafield ind1=" " ind2=" " tag="310"><subfield code="a">Weekly</subfield></datafield><datafield ind1="1" ind2=" " tag="362"><subfield code="a">Began May 12, 1892.</subfield><subfield code="z">Cf. Bibl. of Iowa newspapers.</subfield></datafield><datafield ind1="0" ind2=" " tag="362"><subfield code="a">-v. 21, no. 19 (Aug. 29, 1912).</subfield></datafield><datafield ind1=" " ind2=" " tag="588"><subfield code="a">Description based on: Vol. 1, no. 2 (May 19, 1892).</subfield></datafield><datafield ind1=" " ind2=" " tag="752"><subfield code="a">United States</subfield><subfield code="b">Iowa</subfield><subfield code="c">Story</subfield><subfield code="d">Ames.</subfield></datafield><datafield ind1="0" ind2="0" tag="785"><subfield code="t">Ames evening times</subfield><subfield code="w">(DLC)sn 85050765</subfield></datafield></record>